@article{Lozano,
author = {Lozano-Perez, Tomas},
title = {Spatial Planning: A Configuration Space Approach},
journal = {AI Memo 605},
year = {1980},
publisher = {MIT Artificial Intelligence Laboratory},
}

@INPROCEEDINGS{Berenson,
author={Berenson, D. and Srinivasa, S.S. and Ferguson, Dave and Kuffner, J.J.},
booktitle={Robotics and Automation, 2009. ICRA '09. IEEE International Conference on},
title={Manipulation planning on constraint manifolds},
year={2009},
pages={625-632},
ISSN={1050-4729},
}

@article{RRT,
author = {S. LaValle and J. Kuffner},
title = {Rapidly-exploring random trees: Progress and prospects},
journal = {WAFR},
year = {2000},
}

@article{PRM,
author = {L. Kavraki and M. Kolountzakis and J. Latombe},
title = {Analysis of Probabilistic Roadmaps for Path Planning},
journal = {IEEE Transactions on Robotics and Automation},
volume = {14},
number = {1},
pages = {166-171},
year = {1998},
}

@article{Khatib,
author = {Khatib, O},
title = {Real-time Obstacle Avoidance for Manipulators and Mobile Robots},
journal = {Int. J. Rob. Res.},
issue_date = {Spring, 1986},
volume = {5},
number = {1},
month = apr,
year = {1986},
issn = {0278-3649},
pages = {90--98},
numpages = {9},
publisher = {Sage Publications, Inc.},
address = {Thousand Oaks, CA, USA},
} 
